@article{moullec2021identifying,
  title={Identifying and addressing the anthropogenic drivers of global change in the North Sea: a systematic map protocol},
  author={Moullec, Fabien and Asselot, R{\'e}my and Auch, Dominik and Bl{\"o}cker, Alexandra M and B{\"o}rner, Gregor and F{\"a}rber, Leonie and Ofelio, Claudia and Petzold, Jan and Santelia, Maria Elisabetta and Schwermer, Heike and others},
  journal={Environmental Evidence},
  volume={10},
  number={1},
  pages={1--11},
  year={2021},
  publisher={BioMed Central}
}

@article{frost2023integrated,
	title={Integrated population models: Achieving their potential},
	author={Frost, Fay and McCrea, Rachel and King, Ruth and Gimenez, Olivier and Zipkin, Elise},
	journal={Journal of Statistical Theory and Practice},
	volume={17},
	number={1},
	pages={6},
	year={2023},
	publisher={Springer}
}

@article{smallegange2017mechanistic,
	title={Mechanistic description of population dynamics using dynamic energy budget theory incorporated into integral projection models},
	author={Smallegange, Isabel M and Caswell, Hal and Toorians, Marjolein EM and de Roos, Andr{\'e} M},
	journal={Methods in Ecology and Evolution},
	volume={8},
	number={2},
	pages={146--154},
	year={2017},
	publisher={Wiley Online Library}
}

@article{baerum2021population,
	title={Population consequences of climate change through effects on functional traits of lentic brown trout in the sub-Arctic},
	author={B{\ae}rum, Kim Magnus and Finstad, Anders G and Ulvan, Eva Marita and Haugen, Thrond O},
	journal={Scientific Reports},
	volume={11},
	number={1},
	pages={15246},
	year={2021},
	publisher={Nature Publishing Group UK London}
}

@article{skelly2023flexible,
  title={A flexible Bayesian approach for estimating survival probabilities from age-at-harvest data},
  author={Skelly, Brett P and Clipp, Hannah L and Landry, Stephanie M and Rogers, Rich and Phelps, Quinton and Anderson, James T and Rota, Christopher T},
  journal={Methods in Ecology and Evolution},
  volume={14},
  number={4},
  pages={1061--1073},
  year={2023},
  publisher={Wiley Online Library}
}